@book{graham1994concrete,
    title = {{Concrete mathematics: A foundation for computer science (second edition)}},
    author = {{Graham, Ronald L. and Knuth, Donald E. and Patashnik, Oren}},
    year = {1994},
    note = {\url {https://archive.org/details/concrete-mathematics}},
    publisher = {{Addison-Wesley Publishing Company, Inc.}}
}
